@article{good,
  title={The good, the bad and the ugly of consumer cloud storage},
  author={Hu, Wenjin and Yang, Tao and Matthews, Jeanna N},
  journal={ACM SIGOPS Operating Systems Review},
  volume={44},
  number={3},
  pages={110--115},
  year={2010},
  publisher={ACM}
}
@misc{iCloud,
  title = {{iCloud Backup Without Consent}},
  howpublished = {\url{https://www.schneier.com/blog/archives/2014/10/apple_copies_yo.html}},
}

@incollection{onwubiko,
  title={Security issues to cloud computing},
  author={Onwubiko, Cyril},
  booktitle={Cloud Computing},
  pages={271--288},
  year={2010},
  publisher={Springer}
}
