@article{good,
  title={The good, the bad and the ugly of consumer cloud storage},
  author={Hu, Wenjin and Yang, Tao and Matthews, Jeanna N},
  journal={ACM SIGOPS Operating Systems Review},
  volume={44},
  number={3},
  pages={110--115},
  year={2010},
  publisher={ACM}
}

@misc{icloud,
  title = {iCloud backup without consent},
  howpublished = {\url{https://www.schneier.com/blog/archives/2014/10/apple_copies_yo.html}},
}